
@misc{Koalarization,
 author = {Federico Baldassarre, Diego Gonz alez Morales, Lucas Rodes-Guirao},
 title = {Deep Koalarization: Image Colorization using CNNs and Inception-ResNet-v2},
 journal = {https://arxiv.org/pdf/1712.03400},
note = {\url{https://github.com/baldassarreFe/deep-koalarization/}},
 year = 2017,
}

@misc{Pix2Pix,
 author = {Phillip Isola, Jun-Yan Zhu, Tinghui Zhou, Alexei A. Efros},
 title = {Image-to-Image Translation with Conditional Adversarial Networks},
 journal = {https://arxiv.org/abs/1611.07004},
note = {\url{https://github.com/phillipi/pix2pix}}
 year = 2016,
}

@misc{Huang,
 author = {Shanshan Huang, Xin Jin, Qian Jiang, Li Liu},
 title = {Deep learning for image colorization: Current and future prospects},
 journal = {Engineering Applications of Artificial Intelligence},
 note = {\url{https://www.sciencedirect.com/science/article/pii/S0952197622001920}},
 year = 2022
}

@misc{Zhang,
 author = {Richard Zhang, Phillip Isola, Alexei A. Efros},
 title = {Colorful Image Colorization},
 note = {\url{https://arxiv.org/pdf/1603.08511}},
 year = 2016
}

@misc{Cheng,
 author = {Zezhou Cheng, Qingxiong Yang, Bin Sheng},
 title = {Deep Colorization},
 note = {\url{https://tinyurl.com/chengcvpr}},
 year = 2015
}

@misc{Charpiat,
 author = {Guillaume Charpiat, Matthias Hofmann, Bernhard Schölkopf},
 title = {Automatic Image Colorization via Multimodal Predictions},
 note = {\url{https://inria.hal.science/inria-00481552/PDF/colorisation.pdf}},
 year = 2015
}

@misc{Jayathilaka,
 author = {Mirantha Jayathilaka, PhD},
 title = {Understanding and optimizing GANs (Going back to first principles)},
 note = {\url{https://towardsdatascience.com/understanding-and-optimizing-gans-going-back-to-first-principles-e5df8835ae18}},
 year = 2015
}


@misc{Li,
 author = {Fei-Fei Li, Ehsan Adeli},
 title = {CS231N Lecture 12: Generative Models},
 note = {\url{https://cs231n.stanford.edu/slides/2024/lecture_13.pdf}},
 year = 2024
}



@article{Huang,
author = {Shanshan Huang, Xin Jin, Qian Jiang, Li Liu},
title = {Deep learning for image colorization: Current and future prospects},
journal = {Elsevier},
note = {\url{https://doi.org/10.1016/j.engappai.2022.105006}}, 
year = 2022
}

@article{Goodfellow,
    title = {Generative Adversarial Networks},
    author = {Ian J. Goodfellow, Jean Pouget-Abadie, Mehdi Mirza, Bing Xu, David Warde-Farley, Sherjil Ozair, Aaron Courville, Yoshua Bengio},
    journal = ,
    note = {{\urlhttps://arxiv.org/abs/1406.2661}},
    year = 2014
}

@article{Larsen,
    author = {A. B. L. Larsen, S. K. Sønderby, and O. Winther. },
    title = {Autoencoding beyond pixels using a learned similarity metric},
    note = {\url{https://arxiv.org/abs/1512.09300}},
    journal = {ICML},
    year = 2016
}
@article{Youssef,
    author = {Patrick Youssef},
    title = {Self-Supervised Image Colorization},
    journal = {\url{https://patrickyoussef.com/projects/image-colorization/}},
    note = {Youssef's implementation of the Deep Koalarization model informed our own}
    journal = ,
    year = 2020
}

@article{Ledig,
    author = {Christian Ledig, Lucas Theis, Ferenc Huszar, Jose Caballero, Andrew Cunningham, Alejandro Acosta, Andrew Aitken, Alykhan Tejani, Johannes Totz, Zehan Wang, Wenzhe Shi} ,
    title = {Photo-Realistic Single Image Super-Resolution Using a Generative Adversarial Network},
    note = {\url{https://arxiv.org/abs/1609.04802}},
    journal = ,
    year = 2016
}

@article{Kingma,
    author = {Diederik P. Kingma, Jimmy Lei Ba},
    note = {\url{https://arxiv.org/pdf/1412.6980v9}},
    title = {ADAM: A METHOD FOR STOCHASTIC OPTIMIZATION} ,
    journal = ,
    year =  2015
}
@article{Sharma,
    note = {\url{https://tinyurl.com/CVPRW2019}},
    author = {Manoj Sharma,Megh Makwana, Avinash Upadhyay, Ajay Pratap Singh, Anuj Badhwar, Akkshita Trivedi†, Anil Saini†, Santanu Chaudhury.},
    title = {Robust Image Colorization using Self Attention based Progressive Generative Adversarial Network},
    journal = ,
    year = 2019
}

@article{Shariatnia,
    journal = {\url{https://tinyurl.com/Shariatnia}},
    author = {Moein Shariatnia},
    title = {Colorizing black & white images with U-Net and conditional GAN — A Tutorial},
    note = {Shariatnia's implementation of the pix2pix GAN informed our own} ,
    year = 2020
}

@article{Mirza,
    note = {\url{https://arxiv.org/pdf/1411.1784}},
    author = {Mehdi Mirza, Simon Osindero} ,
    title = {Conditional Generative Adversarial Nets} ,
    journal = ,
    year = 2014
}

@article{Zhao,
    note = {\url{https://doi.org/10.32604/cmc.2023.041479}},
    author = {Xi Zhao, Haizheng Yu, Hong Bian},
    title = {Image to Image Translation Based on Differential Image Pix2Pix Model},
    journal = ,
    year = 2023
}

